@online{isec_wiki,
  author   = {ISEC},
  title    = {Instituto Superior de Engenharia de Coimbra},
  url      = {https://www.isec.pt/pt/instituto/#lnkApresentacao},
  addendum = {(acedido: 16/09/2021)}
}

@online{blockchain_wiki,
  author   = {Wikipedia},
  title    = {Blockchain},
  url      = {https://pt.wikipedia.org/wiki/Blockchain},
  addendum = {(acedido: 19/08/2021)},
  keywords = {wikipedia,blockchain}
}

% @online{bitcoin_wiki,
%   author   = {bitcoin.org},
%   title    = {Bitcoin Developer},
%   url      = {https://developer.bitcoin.org/},
%   addendum = {(acedido: 16/09/2021)}
% }

@online{bitcoin_wiki,
  author   = {Wikipeida},
  title    = {Bitcoin},
  url      = {https://pt.wikipedia.org/wiki/Blockchain},
  addendum = {(acedido: 19/09/2021)}
}


@online{hyperledger,
  title    = {Hyperledger},
  author   = {The Linux Foundation},
  url      = {https://www.hyperledger.org},
  addendum = {(acedido: 20/08/2021)},
  keywords = {hyperledger,blockchain}
}

@online{bigchaindb,
  title    = {BigchainDB},
%   author   = {BigchainDB},
  url      = {https://www.bigchaindb.com/},
  addendum = {(acedido: 23/08/2021)},
  keywords = {blockchain, bigchaindb}
}

@online{ipfs_wiki,
  title    = {What is IPFS?},
%   author   = {ipfs.io},
  url      = {https://docs.ipfs.io/concepts/what-is-ipfs/},
  addendum = {(acedido: 23/08/2021)}
}


@online{nerd_games_steam,
  title    = {Jogos da Nerd Monkeys na Steam},
  url      = {https://store.steampowered.com/search/?developer=Nerd%20Monkeys},
  addendum = {(acedido: 28/08/2021)},
%   author   = {Valve}
}

@online{traffix_eshop,
  title    = {Traffix na eShop},
  url      = {https://www.nintendo.com/games/detail/traffix-switch},
%   author   = {Nintendo},
  addendum = {(acedido: 27/08/2021)},
  keywords = {nintendo,nerd monkeys,traffix,eShop},
  year     = {2020},
  addendum = {(acedido: 19/09/2021)}
}

@online{ze_eshop,
  title    = {Inspector Zé e Robot Palhaço em: Crime no Hotel Lisboa na eShop},
  url      = {https://www.nintendo.pt/Jogos/Aplicacoes-de-download-da-Nintendo-Switch/Inspector-Ze-e-Robot-Palhaco-em-Crime-no-Hotel-Lisboa-1842416.html},
  keywords = {nintendo,eshop,nerd monkeys,inspector,robot},
  year     = {2020},
  addendum = {(acedido: 28/08/2021)}
}

@online{out_of_line_eshop,
  title    = {Out Of Line no eShop},
%   author   = {Nintendo},
  url      = {https://www.nintendo.pt/Jogos/Aplicacoes-de-download-da-Nintendo-Switch/Out-of-Line-1993417.html},
  year     = {2021},
  addendum = {(acedido: 28/08/2021)}
}

@online{nerdmonkeys_interview_eurogamerpt,
  title    = {Entrevista: Nerd Monkeys fala sobre a produção de jogos em Portugal, os efeitos de pandemia, e do futuro},
  author   = {Jorge Loureiro},
  url      = {https://www.eurogamer.pt/articles/2021-04-06-entrevista-nerd-monkeys-fala-sobre-a-producao-de-jogos-em-portugal-os-efeitos-de-pandemia-e-do-futuro},
  year     = {2021},
  addendum = {(acedido: 28/08/2021)}
}

@online{nerdmonkeys_interview_ladiesgamers,
  title    = {Nerd Monkeys Indie Dev Interview},
  author   = {Yvonne van Geloven},
  url      = {https://ladiesgamers.com/nerd-monkeys-indie-dev-interview/},
  year     = {2020},
  addendum = {(acedido: 29/08/2021)}
}

@online{list_of_blockchain_games,
  title    = {Blockchain Games List},
  url      = {https://blockchaingames.fun/blockchain-games-list/},
  author   = {Blockchaingames.fun},
  addendum = {(acedido: 01/09/2021)}
}

@online{libp2p_solve,
  title    = {What problems can libp2p solve?},
  author   = {libp2p.io},
  addendum = {(acedido: 02/09/2021)},
  url      = {https://docs.libp2p.io/introduction/what-is-libp2p/#what-problems-can-libp2p-solve}
}

@online{bitcoin_devguide_blockchain,
  title   = {Block Chain - Bitcoin},
  author  = {Bitcoin Project},
  addendum = {(acedido: 07/09/2021)},
  url     = {https://developer.bitcoin.org/devguide/block_chain.html}
}

@online{consensus_wiki,
  title   = {Consenso Distribuído},
  author  = {Wikipedia},
  addendum = {(acedido: 07/09/2021)},
  url     = {https://pt.wikipedia.org/wiki/Consenso_Distribu%C3%ADdo}
}
  
@online{ethereum_wiki,
  title   = {What is Ethereum?},
  author  = {Ethereum},
  addendum = {(acedido: 16/09/2021)},
  url     = {https://ethereum.org/en/what-is-ethereum/}
}

@online{smart_contracts_wiki,
  title   = {What are smart contracts on blockchain?},
  author  = {IBM},
  addendum = {(acedido: 16/09/2021)},
  url     = {https://www.ibm.com/topics/smart-contracts}
}

@online{fiat-shamir_heuristic_wiki,
  title   = {Fiat–Shamir heuristic},
  url     = {https://en.wikipedia.org/wiki/Fiat%E2%80%93Shamir_heuristic},
  author  = {Wikipedia},
  addendum = {(acedido: 09/09/2021)}
}


@online{hashcash_wiki,
  title   = {Hash},
  author = {hashcash.org},
  addendum = {(acedido: 16/09/2021)},
  url     = {http://www.hashcash.org/}
}

@online{ethereum_casper,
  title   = {What is Ethereum Casper Protocol? Crash Course},
  url     = {https://blockgeeks.com/guides/ethereum-casper/},
  author  = {Ameer Rosic},
  addendum = {(acedido: 09/09/2021)}
}

@online{zstd_github,
  title   = {zstd},
  url     = {https://github.com/facebook/zstd},
  author  = {facebook},
  addendum = {(acedido: 09/09/2021)}
}


@online{iota_wiki,
  title   = {IOTA},
  url     = {https://en.wikipedia.org/wiki/IOTA_(technology)},
  author  = {Wikipedia},
  addendum = {(acedido: 16/09/2021)}
}

@online{directed_acyclic_graph,
  title   = {Directed Acyclic Graph (DAG)},
  url = {https://www.tutorialspoint.com/directed-acyclic-graph-dag},
  author  = {Moumita},
  addendum = {(acedido: 16/09/2021)}
}

@online{sharding_geeks,
  title   = {What is Sharding?},
  url     = {https://www.geeksforgeeks.org/what-is-sharding/},
  author  = {geeksforgeeks.org},
  addendum = {(acedido: 10/09/2021)}
}

@online{gc_wiki,
  title    = {Coletor de lixo (informática)},
  url     = {https://pt.wikipedia.org/wiki/Coletor_de_lixo_(inform%C3%A1tica)},
  author  = {Wikipedia},
  addendum = {(acedido: 10/09/2021)}
}

@online{rust_wiki,
  title    = {Rust (linguagem de programação)},
  author  = {Wikipedia},
  url     = {https://pt.wikipedia.org/wiki/Rust_(linguagem_de_programa%C3%A7%C3%A3o)},
  addendum = {(acedido: 10/09/2021)}
}

@online{cargo_book,
  title   = {The Cargo Book},
  author  = {rust-lang.org},
  url     = {https://doc.rust-lang.org/cargo/},
  addendum = {(acedido: 10/09/2021)}
}

@online{switch_wiki,
  title    = {Nintendo Switch},
  url     = {https://pt.wikipedia.org/wiki/Nintendo_Switch},
  author  = {Wikipedia},
  addendum = {(acedido: 10/09/2021)}
}

@online{twitter_wiki,
  title    = {Twitter},
  url     = {https://pt.wikipedia.org/wiki/Twitter},
  author  = {Wikipedia},
  addendum = {(acedido: 10/09/2021)}
}

@online{natt_wiki,
  title    = {NAT traversal},
  url     = {https://en.wikipedia.org/wiki/NAT_traversal},
  author  = {Wikipedia},
  addendum = {(acedido: 11/09/2021)}
}

@online{hp_wiki,
  title    = {NAT Hole Punching in Computer Network},
  url     = {https://www.geeksforgeeks.org/nat-hole-punching-in-computer-network/},
  author  = {GeeksforGeeks},
  addendum = {(acedido: 19/09/2021)}
}

@online{gateway_wiki,
  title    = {Gateway},
  url     = {https://en.wikipedia.org/wiki/Gateway_(telecommunications)},
  author  = {Wikipedia},
  addendum = {(acedido: 11/09/2021)}
}

@online{natt_lip2p_status,
  title   = {Libp2p - NAT traversal status},
  url     = {https://libp2p.io/implementations/#nat-traversal},
  author  = {libp2p.io},
  addendum = {(acedido: 11/09/2021)}
}


@online{egg-mode_github,
  title   = {egg-mode},
  url     = {https://github.com/egg-mode-rs/egg-mode},
  author  = {egg-mode-rs},
  addendum = {(acedido: 13/09/2021)}
}

@online{tokio,
  url     = {https://tokio.rs/},
  title   = {Tokio},
  author  = {Tokio},
  addendum = {(acedido: 13/09/2021)}
}

@online{rust-fearless,
  title   = {Fearless Concurrency with Rust},
  url     = {https://blog.rust-lang.org/2015/04/10/Fearless-Concurrency.html},
  author  = {Aaron Turon},
  addendum = {(acedido: 13/09/2021)}
}

@online{the-future-of-rust,
  url     = {https://www.infoworld.com/article/3633002/the-future-of-rust.html},
  title   = {The future of Rust},
  author  = {Matt Asay},
  addendum = {(acedido: 13/09/2021)}
}

@online{switch_info,
  url     = {https://www.nintendo.com/switch/system/},
  author  = {Nintendo},
  title   = {Nintendo Switch},
  addendum = {(acedido: 13/09/2021)}
}

@online{switch_irsensor_source,
  url     = {https://www.techinsights.com/blog/nintendo-switch-teardown},
  title   = {Nintendo Switch Teardown},
  author  = {techinsights.com},
  addendum = {(acedido: 13/09/2021)}
}  

@online{joycon_desc,
  url     = {Nintendo's Joy-Con controllers are insane},
  author  = {Daniel Van Boom},
  title   = {Nintendo's Joy-Con controllers are insane},
  addendum = {(acedido: 13/09/2021)}
}

@online{nfc,
  url     = {https://www.techradar.com/news/what-is-nfc},
  title   = {What is NFC? Everything you need to know},
  author  = {Cameron Faulkner},
  addendum = {(acedido: 14/09/2021)}
}

@online{smartwatch,
  url     = {https://satguruonline.cl/reloj-inteligente-h1},
  title   = {RELOJ INTELIGENTE H1},
  addendum = {(acedido: 14/09/2021)}
}

@online{blockchain_origem,
  url     = {https://ieeexplore.ieee.org/document/8674176},
  title   = {On the Origins and Variations of Blockchain Technologies},
  author  = {Alan T. Sherman; Farid Javani; Haibin Zhang; Enis Golaszewski},
  addendum = {(acedido: 15/09/2021)}
}

@online{cryptokitties,
  title  = {Meet CryptoKitties, the \$100,000 digital beanie babies epitomizing the cryptocurrency mania},
  url    = {https://www.cnbc.com/2017/12/06/meet-cryptokitties-the-new-digital-beanie-babies-selling-for-100k.html},
  author = {Evelyn Cheng},
  addendum = {(acedido: 15/09/2021)}
}

@online{rust_safe_proof,
  url = {https://people.mpi-sws.org/~dreyer/papers/rustbelt/paper.pdf},
  title = {RustBelt: Securing the Foundations of the Rust
Programming Language},
author = {Ralf Jung; Jacques-Henri Jourdan; Robbert Krebbers; Derek Dreyer},
  addendum = {(acedido: 15/09/2021)}

}

@online{bitcoin_origin,
    url = {https://www.newyorker.com/magazine/2011/10/10/the-crypto-currency},
    author = {Joshua David},
    title = {The Crypto-Currency Bitcoin and it's mysterious inventor.},
      addendum = {(acedido: 15/09/2021)}

}

@online{zeromq_book,
    url = {https://zguide.zeromq.org/},
    author = {ZeroMQ},
    title = {ØMQ - The Guide},
    addendum = {(acedido: 16/09/2021)}
}

@online{zeromq_mature,
    title = {iMatix will end OpenAMQ support by 2011},
    url = {https://web.archive.org/web/20160305155601/http://lists.openamq.org/pipermail/openamq-dev/2010-March/001598.html},
    author = {Pieter Hintjens},
    addendum = {(acedido: 16/09/2021)}
}

@online{zeromq_origin,
    url = {https://web.archive.org/web/20190428175704/https://www.imatix.com/articles:whats-wrong-with-amqp},
    title = {What is wrong with AMQP (and how to fix it)},
    author = {iMatix Corporation},
    addendum = {(acedido: 16/09/2021)}
}

@online{nlohmann_json,
    url = {https://github.com/nlohmann/json},
    title = {json},
    author = {nlohmann},
        addendum = {(acedido: 16/09/2021)}

}
@online{msgpack, 
    url = {https://msgpack.org/},
    title = {MessagePack},
    author = {Google},
        addendum = {(acedido: 16/09/2021)}

}

@online{hole_punching,
    url = {https://www.geeksforgeeks.org/nat-hole-punching-in-computer-network/},
    title = {NAT Hole Punching in Computer Network},
    author = {omkarchalke},
    addendum = {(acedido: 17/09/2021)}
}

@online{chromium_safety,
    url = {https://www.chromium.org/Home/chromium-security/memory-safety},
    title = {Memory safety},
    author = {chromium.org},
    addendum = {(acedido: 17/09/2021)}
}

@online{microsoft_safety,
    url = {https://www.zdnet.com/article/microsoft-70-percent-of-all-security-bugs-are-memory-safety-issues/},
    title = {Microsoft: 70 percent of all security bugs are memory safety issues},
    author = {Catalin Cimpanu},
    addendum = {(acedido: 17/09/2021)}
}

@online{sync_send_traits,
    url = {https://doc.rust-lang.org/book/ch16-04-extensible-concurrency-sync-and-send.html},
    author = {rust-lang.org},
    title = {Extensible Concurrency with the Sync and Send Traits},
    addendum = {(acedido: 17/09/2021)}
}


@online{parking_lot_benchmarks,
    url = {https://gist.github.com/Amanieu/},
          % 981b482ba28936278200063cdf1348b9
    title = {Mutex.txt},
    author = {Amanieu},
  addendum = {(acedido: 19/09/2021)}

}

@online{runtime-tokio,
    url = {https://docs.rs/tokio/1.11.0/tokio/runtime/struct.Runtime.html},
    author = {Tokio},
    title = {Runtime in Tokio::runtime},
    addendum = {(acedido: 18/09/2021)}
}


@article{blockchain_nakamoto,
    title = {Bitcoin: A Peer-to-Peer Electronic Cash System},
    url = {https://bitcoin.org/bitcoin.pdf},
    author = {Satoshi Nakamoto},
    year = {2008}
}

@online{soa,
    url = {https://collaboration.opengroup.org/projects/soa-book/pages.php?action=show&ggid=1314},
    title = {What is SOA?},
    addendum = {(acedido: 18/09/2021)}
}


@online{proof-of-stake,
    url = {https://www.investopedia.com/terms/p/proof-stake-pos.asp},
    title = {Proof Of Stake (PoS)},
    author = {Jake Frankenfield},
    addendum = {(acedido: 19/09/2021)}
    }


@online{miners,
  url = {https://intellipaat.com/blog/tutorial/blockchain-tutorial/what-is-bitcoin-mining/},
  title = {What is Blockchain Mining?},
  author = {Roshan Raj},
  addendum = {(acedido: 19/09/2021)}
}

@online{pay2win,
url = {https://www.makeuseof.com/what-is-pay-to-win-in-video-games/},
author = {Ben Stegner},
title = {What Is "Pay-to-Win" in Video Games?},
  addendum = {(acedido: 19/09/2021)}
}